<record><leader>00000cas a22000007a 4500</leader><controlfield tag="001">1478655</controlfield><controlfield tag="008">750726d18831912mnuwr ne      0    0eng d</controlfield><datafield ind1=" " ind2=" " tag="010"><subfield code="a">sn 91059397 </subfield></datafield><datafield ind1=" " ind2=" " tag="040"><subfield code="a">MUL</subfield><subfield code="b">eng</subfield><subfield code="c">MUL</subfield><subfield code="d">MN#</subfield><subfield code="d">OCLCQ</subfield><subfield code="d">OCLCF</subfield><subfield code="d">OCLCO</subfield></datafield><datafield ind1=" " ind2=" " tag="042"><subfield code="a">msc</subfield></datafield><datafield ind1=" " ind2=" " tag="043"><subfield code="a">n-us-mn</subfield></datafield><datafield ind1=" " ind2=" " tag="052"><subfield code="a">4144</subfield><subfield code="b">A3</subfield></datafield><datafield ind1=" " ind2=" " tag="052"><subfield code="a">4143</subfield><subfield code="b">A3</subfield></datafield><datafield ind1="0" ind2="4" tag="245"><subfield code="a">The Aitkin age.</subfield></datafield><datafield ind1=" " ind2=" " tag="260"><subfield code="a">Aitkin, Aitkin County, Minn. :</subfield><subfield code="b">E.F. Barrett,</subfield><subfield code="c">-1912.</subfield></datafield><datafield ind1=" " ind2=" " tag="300"><subfield code="a">v.</subfield></datafield><datafield ind1=" " ind2=" " tag="310"><subfield code="a">Weekly</subfield></datafield><datafield ind1="1" ind2=" " tag="362"><subfield code="a">Began Apr. 7, 1883.</subfield></datafield><datafield ind1="0" ind2=" " tag="362"><subfield code="a">-30th year (July 30, 1912).</subfield></datafield><datafield ind1=" " ind2=" " tag="515"><subfield code="a">Numbering irregular.</subfield></datafield><datafield ind1=" " ind2=" " tag="530"><subfield code="a">Available on microfilm from the Minnesota Historical Society.</subfield></datafield><datafield ind1=" " ind2=" " tag="588"><subfield code="a">Description based on: Vol. 1, no. 34 (Nov. 24, 1883).</subfield></datafield><datafield ind1=" " ind2="0" tag="651"><subfield code="a">Aitkin (Minn.)</subfield><subfield code="v">Newspapers.</subfield></datafield><datafield ind1=" " ind2="7" tag="655"><subfield code="a">Newspapers.</subfield><subfield code="2">fast</subfield><subfield code="0">(OCoLC)fst01423814</subfield></datafield><datafield ind1=" " ind2="7" tag="651"><subfield code="a">Minnesota</subfield><subfield code="z">Aitkin.</subfield><subfield code="2">fast</subfield><subfield code="0">(OCoLC)fst01261300</subfield></datafield><datafield ind1=" " ind2=" " tag="752"><subfield code="a">United States</subfield><subfield code="b">Minnesota</subfield><subfield code="c">Aitkin</subfield><subfield code="d">Aitkin.</subfield></datafield><datafield ind1="0" ind2="7" tag="785"><subfield code="t">Aitkin independent</subfield><subfield code="w">(DLC)sn 91059398</subfield></datafield><datafield ind1="0" ind2="7" tag="785"><subfield code="t">Aitkin independent age</subfield><subfield code="w">(DLC)sn 87073045</subfield></datafield></record>